<?xml version="1.0" encoding="UTF-8"?>
  <record xmlns="http://www.loc.gov/MARC21/slim" type="Authority">
    <leader>00000nz  a2200000oc 4500</leader>
    <controlfield tag="001">121587233X</controlfield>
    <controlfield tag="003">DE-101</controlfield>
    <controlfield tag="005">20200813162823.0</controlfield>
    <controlfield tag="008">200813n||aznnnaabn           | aaa    |c</controlfield>
    <datafield tag="024" ind1="7" ind2=" ">
      <subfield code="a">121587233X</subfield>
      <subfield code="0">http://d-nb.info/gnd/121587233X</subfield>
      <subfield code="2">gnd</subfield>
    </datafield>
    <datafield tag="035" ind1=" " ind2=" ">
      <subfield code="a">(DE-101)121587233X</subfield>
    </datafield>
    <datafield tag="035" ind1=" " ind2=" ">
      <subfield code="a">(DE-588)121587233X</subfield>
    </datafield>
    <datafield tag="040" ind1=" " ind2=" ">
      <subfield code="a">DE-17</subfield>
      <subfield code="c">DE-17</subfield>
      <subfield code="9">r:DE-17</subfield>
      <subfield code="b">ger</subfield>
      <subfield code="d">0017</subfield>
      <subfield code="e">rda</subfield>
    </datafield>
    <datafield tag="042" ind1=" " ind2=" ">
      <subfield code="a">gnd3</subfield>
    </datafield>
    <datafield tag="043" ind1=" " ind2=" ">
      <subfield code="c">XA-DE</subfield>
    </datafield>
    <datafield tag="075" ind1=" " ind2=" ">
      <subfield code="b">p</subfield>
      <subfield code="2">gndgen</subfield>
    </datafield>
    <datafield tag="075" ind1=" " ind2=" ">
      <subfield code="b">piz</subfield>
      <subfield code="2">gndspec</subfield>
    </datafield>
    <datafield tag="079" ind1=" " ind2=" ">
      <subfield code="a">g</subfield>
      <subfield code="q">f</subfield>
    </datafield>
    <datafield tag="100" ind1="1" ind2=" ">
      <subfield code="a">Pauli, Anna Margaretha</subfield>
      <subfield code="d">1643-1666</subfield>
      <subfield code="9">v:Geburtsname</subfield>
    </datafield>
    <datafield tag="400" ind1="1" ind2=" ">
      <subfield code="a">Hennenberg, Anna Margaretha</subfield>
      <subfield code="d">1643-1666</subfield>
      <subfield code="9">v:Ehename</subfield>
    </datafield>
    <datafield tag="500" ind1="1" ind2=" ">
      <subfield code="a">Pauli, Johann</subfield>
      <subfield code="4">bezf</subfield>
      <subfield code="4">https://d-nb.info/standards/elementset/gnd#familialRelationship</subfield>
      <subfield code="w">r</subfield>
      <subfield code="i">Beziehung familiaer</subfield>
      <subfield code="e">Beziehung familiaer</subfield>
      <subfield code="9">v:Vater</subfield>
    </datafield>
    <datafield tag="500" ind1="1" ind2=" ">
      <subfield code="0">(DE-101)1215872054</subfield>
      <subfield code="0">(DE-588)1215872054</subfield>
      <subfield code="0">https://d-nb.info/gnd/1215872054</subfield>
      <subfield code="a">Hennenberg, Johann Ernst</subfield>
      <subfield code="d">1632-1709</subfield>
      <subfield code="4">bezf</subfield>
      <subfield code="4">https://d-nb.info/standards/elementset/gnd#familialRelationship</subfield>
      <subfield code="w">r</subfield>
      <subfield code="i">Beziehung familiaer</subfield>
      <subfield code="e">Beziehung familiaer</subfield>
      <subfield code="9">v:Ehemann</subfield>
    </datafield>
    <datafield tag="548" ind1=" " ind2=" ">
      <subfield code="a">13.12.1643-20.11.1666</subfield>
      <subfield code="4">datx</subfield>
      <subfield code="4">https://d-nb.info/standards/elementset/gnd#dateOfBirthAndDeath</subfield>
      <subfield code="w">r</subfield>
      <subfield code="i">Exakte Lebensdaten</subfield>
    </datafield>
    <datafield tag="548" ind1=" " ind2=" ">
      <subfield code="a">1643-1666</subfield>
      <subfield code="4">datl</subfield>
      <subfield code="4">https://d-nb.info/standards/elementset/gnd#dateOfBirthAndDeath</subfield>
      <subfield code="w">r</subfield>
      <subfield code="i">Lebensdaten</subfield>
    </datafield>
    <datafield tag="551" ind1=" " ind2=" ">
      <subfield code="0">(DE-101)040145867</subfield>
      <subfield code="0">(DE-588)4014586-4</subfield>
      <subfield code="0">https://d-nb.info/gnd/4014586-4</subfield>
      <subfield code="a">Emmendingen</subfield>
      <subfield code="4">ortw</subfield>
      <subfield code="4">https://d-nb.info/standards/elementset/gnd#placeOfActivity</subfield>
      <subfield code="w">r</subfield>
      <subfield code="i">Wirkungsort</subfield>
    </datafield>
    <datafield tag="670" ind1=" " ind2=" ">
      <subfield code="a">Vorlage</subfield>
    </datafield>
    <datafield tag="672" ind1=" " ind2="0">
      <subfield code="a">Suspiria Davidica pro Dierum Vitæ suæ Prolongatione. Das ist: Davidische Hertzens-Seuffzer, Umb Erlängerung seines Lebens: genommen auß dem 25.v. des 102. Psal. Davids. Bey Christlicher Volckreicher Leich-Begängnuß Der Weyland Edlen, HochEhren- und tugentreichen Frawen, Annae Margarethae, Deß WohlErnvesten, Hochgeachten Herren, Johann-Ernst Hennenbergs, Fürstl. Marggr, Baden-Durlachischen Wolverordneten BurgVogts auff Hochberg, [et]c Hertz-geliebten Haußfrauen seligen. Welche Dienstags den 20. Novembr. Anno 1666. Abends zwischen 7. und 8. Uhr seliglich im Herren entschlaffen, und folgenden Sambstag den 24. Ejusdem zu Emmendingen im 22. Jahr 11. Monat und 7. Tag Ihres Alters, Ehrlich zur Erden bestattet worden. Durlach: Henning, 1667</subfield>
    </datafield>
    <datafield tag="678" ind1=" " ind2=" ">
      <subfield code="b">Tochter des Ober-Amtmans der Graffschaft Sausenberg Johann Pauli, Ehefrau des Vogts auf Burg Hachberg Johann Ernst. † 20.11.1666, 22 Jahre alt.</subfield>
    </datafield>
  </record>
